<record><leader>00000cas a22000007a 4500</leader><controlfield tag="001">9507332</controlfield><controlfield tag="008">830513d18uu1832mauwr ne      0    0eng d</controlfield><datafield ind1=" " ind2=" " tag="010"><subfield code="a">sn 83020707 </subfield></datafield><datafield ind1=" " ind2=" " tag="040"><subfield code="a">NPX</subfield><subfield code="b">eng</subfield><subfield code="c">NPX</subfield><subfield code="d">CNK</subfield><subfield code="d">MGN</subfield><subfield code="d">OCLCQ</subfield></datafield><datafield ind1=" " ind2=" " tag="042"><subfield code="a">msc</subfield></datafield><datafield ind1=" " ind2=" " tag="043"><subfield code="a">n-us-ma</subfield></datafield><datafield ind1="0" ind2="0" tag="245"><subfield code="a">Southbridge register, and farmers, mechanics and manufacturers advocate.</subfield></datafield><datafield ind1=" " ind2=" " tag="260"><subfield code="a">Southbridge, Mass. :</subfield><subfield code="b">Josiah Snow</subfield></datafield><datafield ind1=" " ind2=" " tag="300"><subfield code="a">v. ;</subfield><subfield code="c">50 cm.</subfield></datafield><datafield ind1=" " ind2=" " tag="310"><subfield code="a">Weekly</subfield></datafield><datafield ind1="1" ind2=" " tag="362"><subfield code="a">Ceased in Feb. 1832. Cf. Village courier, Feb. 7, 1832.</subfield></datafield><datafield ind1=" " ind2=" " tag="500"><subfield code="a">Publisher: George W.H. Fisk, &lt;May 24, 1831&gt;.</subfield></datafield><datafield ind1=" " ind2=" " tag="588"><subfield code="a">Description based on: Vol. 2, no. 7 (Mar. 23, 1830).</subfield></datafield><datafield ind1=" " ind2=" " tag="752"><subfield code="a">United States</subfield><subfield code="b">Massachusetts</subfield><subfield code="c">Worcester</subfield><subfield code="d">Southbridge.</subfield></datafield><datafield ind1="0" ind2="0" tag="780"><subfield code="t">Southbridge register</subfield><subfield code="w">(DLC)sn 83020706</subfield></datafield><datafield ind1="0" ind2="0" tag="785"><subfield code="t">Village courier</subfield><subfield code="w">(DLC)sn 83020708</subfield></datafield></record>